{"AAPL": {"Valuation Measures": {"Market Cap (intraday)": 2410000000000.0, "Enterprise Value": 2480000000000.0, "Trailing P/E": 28.56, "Forward P/E": 27.31, "PEG Ratio (5 yr expected)": 1.53, "Price/Sales": 6.95, "Price/Book": 37.57, "Enterprise Value/Revenue": 7.16, "Enterprise Value/EBITDA": 22.4}, "Fiscal Year": {"Last Split Date": "Aug 30, 2020", "Fiscal Year Ends": "Sep 25, 2020"}, "Profitability": {"Most Recent Quarter": "Jun 25, 2021", "Profit Margin": 25.0}, "Management Effectiveness": {"Operating Margin": 28.79, "Return on Assets": 19.3}, "Income Statement": {"Return on Equity": 127.13, "Revenue": 347160000000.0, "Revenue Per Share": 20.61, "Quarterly Revenue Growth": 36.4, "Gross Profit": 104960000000.0, "EBITDA": 110930000000.0, "Net Income Avi to Common": 86800000000.0, "Diluted EPS": 5.11}, "Balance Sheet": {"Quarterly Earnings Growth": 93.2, "Total Cash": 61700000000.0, "Total Cash Per Share": 3.73, "Total Debt": 135490000000.00002, "Total Debt/Equity": 210.78, "Current Ratio": 1.06}, "Cash Flow Statement": {"Book Value Per Share": 3.88, "Operating Cash Flow": 104410000000.0}}, "ABBV": {"Valuation Measures": {"Market Cap (intraday)": 205410000000.0, "Enterprise Value": 205370000000.0, "Trailing P/E": 31.36, "Forward P/E": 8.32, "PEG Ratio (5 yr expected)": 2.04, "Price/Sales": 3.82, "Price/Book": 15.7, "Enterprise Value/Revenue": 3.82, "Enterprise Value/EBITDA": 7.34}, "Fiscal Year": {"Last Split Date": "N/A", "Fiscal Year Ends": "Dec 30, 2020"}, "Profitability": {"Most Recent Quarter": "Jun 29, 2021", "Profit Margin": 12.4}, "Management Effectiveness": {"Operating Margin": 35.74, "Return on Assets": "N/A"}, "Income Statement": {"Return on Equity": "N/A", "Revenue": 53730000000.0, "Revenue Per Share": 30.34, "Quarterly Revenue Growth": 33.9, "Gross Profit": 31750000000.0, "EBITDA": 27990000000.0, "Net Income Avi to Common": 6600000000.0, "Diluted EPS": 3.71}, "Balance Sheet": {"Quarterly Earnings Growth": "N/A", "Total Cash": "N/A", "Total Cash Per Share": "N/A", "Total Debt": "N/A", "Total Debt/Equity": 622.98, "Current Ratio": "N/A"}, "Cash Flow Statement": {"Book Value Per Share": 7.41, "Operating Cash Flow": "N/A"}}, "ABT": {"Valuation Measures": {"Market Cap (intraday)": 214960000000.0, "Enterprise Value": 225260000000.0, "Trailing P/E": 34.08, "Forward P/E": 26.07, "PEG Ratio (5 yr expected)": 2.12, "Price/Sales": 5.34, "Price/Book": 6.4, "Enterprise Value/Revenue": 5.6, "Enterprise Value/EBITDA": 19.42}, "Fiscal Year": {"Last Split Date": "Jan 01, 2013", "Fiscal Year Ends": "Dec 30, 2020"}, "Profitability": {"Most Recent Quarter": "Jun 29, 2021", "Profit Margin": 15.85}, "Management Effectiveness": {"Operating Margin": 20.02, "Return on Assets": "N/A"}, "Income Statement": {"Return on Equity": "N/A", "Revenue": 40230000000.0, "Revenue Per Share": 22.64, "Quarterly Revenue Growth": 39.5, "Gross Profit": 19610000000.0, "EBITDA": 11600000000.0, "Net Income Avi to Common": 6350000000.0, "Diluted EPS": 3.55}, "Balance Sheet": {"Quarterly Earnings Growth": 121.4, "Total Cash": 8369999999.999999, "Total Cash Per Share": 4.71, "Total Debt": 18440000000.0, "Total Debt/Equity": 54.59, "Current Ratio": "N/A"}, "Cash Flow Statement": {"Book Value Per Share": 18.89, "Operating Cash Flow": "N/A"}}, "ACN": {"Valuation Measures": {"Market Cap (intraday)": 201450000000.0, "Enterprise Value": 195440000000.0, "Trailing P/E": 35.5, "Forward P/E": 32.25, "PEG Ratio (5 yr expected)": 2.94, "Price/Sales": 4.2, "Price/Book": 10.42, "Enterprise Value/Revenue": 4.08, "Enterprise Value/EBITDA": 24.33}, "Fiscal Year": {"Last Split Date": "Dec 29, 2011", "Fiscal Year Ends": "Aug 30, 2020"}, "Profitability": {"Most Recent Quarter": "May 30, 2021", "Profit Margin": 12.05}, "Management Effectiveness": {"Operating Margin": 15.03, "Return on Assets": 11.67}, "Income Statement": {"Return on Equity": 32.21, "Revenue": 47950000000.0, "Revenue Per Share": 75.47, "Quarterly Revenue Growth": 20.7, "Gross Profit": 13980000000.0, "EBITDA": 8029999999.999999, "Net Income Avi to Common": 5780000000.0, "Diluted EPS": 8.95}, "Balance Sheet": {"Quarterly Earnings Growth": 26.2, "Total Cash": 10010000000.0, "Total Cash Per Share": 15.79, "Total Debt": 3450000000.0, "Total Debt/Equity": 17.33, "Current Ratio": 1.42}, "Cash Flow Statement": {"Book Value Per Share": 30.49, "Operating Cash Flow": 9690000000.0}}, "ADBE": {"Valuation Measures": {"Market Cap (intraday)": 296140000000.0, "Enterprise Value": 295070000000.0, "Trailing P/E": 53.87, "Forward P/E": 44.31, "PEG Ratio (5 yr expected)": 2.62, "Price/Sales": 20.58, "Price/Book": 21.41, "Enterprise Value/Revenue": 20.51, "Enterprise Value/EBITDA": 51.51}, "Fiscal Year": {"Last Split Date": "May 23, 2005", "Fiscal Year Ends": "Nov 26, 2020"}, "Profitability": {"Most Recent Quarter": "Jun 03, 2021", "Profit Margin": 38.79}, "Management Effectiveness": {"Operating Margin": 35.75, "Return on Assets": 13.63}, "Income Statement": {"Return on Equity": 45.14, "Revenue": 14390000000.0, "Revenue Per Share": 30.03, "Quarterly Revenue Growth": 22.6, "Gross Profit": 11150000000.0, "EBITDA": 5730000000.0, "Net Income Avi to Common": 5580000000.0, "Diluted EPS": 11.54}, "Balance Sheet": {"Quarterly Earnings Growth": 1.5, "Total Cash": 5770000000.0, "Total Cash Per Share": 12.11, "Total Debt": 4690000000.0, "Total Debt/Equity": 33.88, "Current Ratio": 1.32}, "Cash Flow Statement": {"Book Value Per Share": 29.04, "Operating Cash Flow": 6980000000.0}}, "AMZN": {"Valuation Measures": {"Market Cap (intraday)": 1690000000000.0, "Enterprise Value": 1700000000000.0, "Trailing P/E": 57.98, "Forward P/E": 45.97, "PEG Ratio (5 yr expected)": 1.66, "Price/Sales": 3.8, "Price/Book": 14.67, "Enterprise Value/Revenue": 3.84, "Enterprise Value/EBITDA": 28.67}, "Fiscal Year": {"Last Split Date": "Sep 01, 1999", "Fiscal Year Ends": "Dec 30, 2020"}, "Profitability": {"Most Recent Quarter": "Jun 29, 2021", "Profit Margin": 6.64}, "Management Effectiveness": {"Operating Margin": 6.68, "Return on Assets": 5.99}, "Income Statement": {"Return on Equity": 31.23, "Revenue": 443300000000.0, "Revenue Per Share": 881.31, "Quarterly Revenue Growth": 27.2, "Gross Profit": 152760000000.0, "EBITDA": 59320000000.0, "Net Income Avi to Common": 29440000000.0, "Diluted EPS": 57.4}, "Balance Sheet": {"Quarterly Earnings Growth": 48.4, "Total Cash": 89890000000.0, "Total Cash Per Share": 177.66, "Total Debt": 106580000000.0, "Total Debt/Equity": 92.83, "Current Ratio": 1.2}, "Cash Flow Statement": {"Book Value Per Share": 226.88, "Operating Cash Flow": 59320000000.0}}, "ASML": {"Valuation Measures": {"Market Cap (intraday)": 314190000000.0, "Enterprise Value": 313450000000.0, "Trailing P/E": 56.17, "Forward P/E": 42.83, "PEG Ratio (5 yr expected)": 1.5, "Price/Sales": 18.93, "Price/Book": 25.98, "Enterprise Value/Revenue": 18.89, "Enterprise Value/EBITDA": 53.08}, "Fiscal Year": {"Last Split Date": "Nov 28, 2012", "Fiscal Year Ends": "Dec 30, 2020"}, "Profitability": {"Most Recent Quarter": "Jul 03, 2021", "Profit Margin": 28.81}, "Management Effectiveness": {"Operating Margin": 33.29, "Return on Assets": 13.25}, "Income Statement": {"Return on Equity": 38.57, "Revenue": 16600000000.000002, "Revenue Per Share": 39.92, "Quarterly Revenue Growth": 20.9, "Gross Profit": 6800000000.0, "EBITDA": 5900000000.0, "Net Income Avi to Common": 4780000000.0, "Diluted EPS": 13.65}, "Balance Sheet": {"Quarterly Earnings Growth": 38.2, "Total Cash": 5370000000.0, "Total Cash Per Share": 13.11, "Total Debt": 4630000000.0, "Total Debt/Equity": 38.26, "Current Ratio": 1.91}, "Cash Flow Statement": {"Book Value Per Share": 29.51, "Operating Cash Flow": 7490000000.0}}, "BABA": {"Valuation Measures": {"Market Cap (intraday)": 530559999999.99994, "Enterprise Value": 366050000000.0, "Trailing P/E": 23.08, "Forward P/E": 16.36, "PEG Ratio (5 yr expected)": 44.0, "Price/Sales": 0.74, "Price/Book": 0.56, "Enterprise Value/Revenue": 0.51, "Enterprise Value/EBITDA": 2.34}, "Fiscal Year": {"Last Split Date": "N/A", "Fiscal Year Ends": "Mar 30, 2021"}, "Profitability": {"Most Recent Quarter": "Mar 30, 2021", "Profit Margin": 20.99}, "Management Effectiveness": {"Operating Margin": 15.28, "Return on Assets": 4.56}, "Income Statement": {"Return on Equity": 14.73, "Revenue": 717290000000.0, "Revenue Per Share": 265.43, "Quarterly Revenue Growth": 63.9, "Gross Profit": 297770000000.0, "EBITDA": 156660000000.0, "Net Income Avi to Common": 150310000000.0, "Diluted EPS": 8.46}, "Balance Sheet": {"Quarterly Earnings Growth": "N/A", "Total Cash": 483450000000.0, "Total Cash Per Share": 177.86, "Total Debt": 181440000000.0, "Total Debt/Equity": 16.88, "Current Ratio": 1.71}, "Cash Flow Statement": {"Book Value Per Share": 345.63, "Operating Cash Flow": 231790000000.0}}, "BAC": {"Valuation Measures": {"Market Cap (intraday)": 325570000000.0, "Enterprise Value": 28740000000.0, "Trailing P/E": 12.79, "Forward P/E": 12.45, "PEG Ratio (5 yr expected)": 0.54, "Price/Sales": 3.75, "Price/Book": 1.28, "Enterprise Value/Revenue": 0.33, "Enterprise Value/EBITDA": "N/A"}, "Fiscal Year": {"Last Split Date": "Aug 29, 2004", "Fiscal Year Ends": "Dec 30, 2020"}, "Profitability": {"Most Recent Quarter": "Jun 29, 2021", "Profit Margin": 31.84}, "Management Effectiveness": {"Operating Margin": 32.13, "Return on Assets": 0.96}, "Income Statement": {"Return on Equity": 10.18, "Revenue": 86760000000.0, "Revenue Per Share": 9.98, "Quarterly Revenue Growth": 34.2, "Gross Profit": 74210000000.0, "EBITDA": "N/A", "Net Income Avi to Common": 26170000000.0, "Diluted EPS": 3.0}, "Balance Sheet": {"Quarterly Earnings Growth": 161.1, "Total Cash": 869210000000.0, "Total Cash Per Share": 102.42, "Total Debt": 548940000000.00006, "Total Debt/Equity": "N/A", "Current Ratio": "N/A"}, "Cash Flow Statement": {"Book Value Per Share": 29.89, "Operating Cash Flow": "N/A"}}, "CMCSA": {"Valuation Measures": {"Market Cap (intraday)": 270010000000.0, "Enterprise Value": 366270000000.0, "Trailing P/E": 23.25, "Forward P/E": 15.99, "PEG Ratio (5 yr expected)": 1.09, "Price/Sales": 2.59, "Price/Book": 2.92, "Enterprise Value/Revenue": 3.52, "Enterprise Value/EBITDA": 11.86}, "Fiscal Year": {"Last Split Date": "Feb 20, 2017", "Fiscal Year Ends": "Dec 30, 2020"}, "Profitability": {"Most Recent Quarter": "Mar 30, 2021", "Profit Margin": 11.25}, "Management Effectiveness": {"Operating Margin": 16.97, "Return on Assets": 4.08}, "Income Statement": {"Return on Equity": 13.17, "Revenue": 104160000000.0, "Revenue Per Share": 22.74, "Quarterly Revenue Growth": 2.2, "Gross Profit": 70440000000.0, "EBITDA": 30880000000.0, "Net Income Avi to Common": 11720000000.0, "Diluted EPS": 2.53}, "Balance Sheet": {"Quarterly Earnings Growth": 55.1, "Total Cash": 14950000000.0, "Total Cash Per Share": 3.25, "Total Debt": 108880000000.0, "Total Debt/Equity": 115.04, "Current Ratio": 0.95}, "Cash Flow Statement": {"Book Value Per Share": 20.15, "Operating Cash Flow": 26660000000.0}}, "CRM": {"Valuation Measures": {"Market Cap (intraday)": 235040000000.0, "Enterprise Value": 215290000000.0, "Trailing P/E": 51.01, "Forward P/E": 56.13, "PEG Ratio (5 yr expected)": 6.51, "Price/Sales": 10.52, "Price/Book": 5.26, "Enterprise Value/Revenue": 9.63, "Enterprise Value/EBITDA": 61.94}, "Fiscal Year": {"Last Split Date": "Apr 17, 2013", "Fiscal Year Ends": "Jan 30, 2021"}, "Profitability": {"Most Recent Quarter": "Apr 29, 2021", "Profit Margin": 19.88}, "Management Effectiveness": {"Operating Margin": 4.25, "Return on Assets": 1.0}, "Income Statement": {"Return on Equity": 11.52, "Revenue": 22350000000.0, "Revenue Per Share": 24.45, "Quarterly Revenue Growth": 22.6, "Gross Profit": 15810000000.0, "EBITDA": 3480000000.0, "Net Income Avi to Common": 4440000000.0, "Diluted EPS": 4.74}, "Balance Sheet": {"Quarterly Earnings Growth": 373.7, "Total Cash": 15020000000.0, "Total Cash Per Share": 16.22, "Total Debt": 6280000000.0, "Total Debt/Equity": 14.76, "Current Ratio": 1.33}, "Cash Flow Statement": {"Book Value Per Share": 46.02, "Operating Cash Flow": 6170000000.0}}, "CSCO": {"Valuation Measures": {"Market Cap (intraday)": 233340000000.0, "Enterprise Value": 222300000000.0, "Trailing P/E": 22.89, "Forward P/E": 16.29, "PEG Ratio (5 yr expected)": 2.82, "Price/Sales": 4.78, "Price/Book": 5.8, "Enterprise Value/Revenue": 4.55, "Enterprise Value/EBITDA": 14.57}, "Fiscal Year": {"Last Split Date": "Mar 22, 2000", "Fiscal Year Ends": "Jul 24, 2020"}, "Profitability": {"Most Recent Quarter": "Apr 30, 2021", "Profit Margin": 20.92}, "Management Effectiveness": {"Operating Margin": 27.74, "Return on Assets": 9.14}, "Income Statement": {"Return on Equity": 26.92, "Revenue": 48850000000.0, "Revenue Per Share": 11.56, "Quarterly Revenue Growth": 6.8, "Gross Profit": 31680000000.0, "EBITDA": 15260000000.0, "Net Income Avi to Common": 10220000000.0, "Diluted EPS": 2.42}, "Balance Sheet": {"Quarterly Earnings Growth": 3.2, "Total Cash": 23580000000.0, "Total Cash Per Share": 5.59, "Total Debt": 12540000000.0, "Total Debt/Equity": 31.18, "Current Ratio": 1.53}, "Cash Flow Statement": {"Book Value Per Share": 9.54, "Operating Cash Flow": 14750000000.0}}, "DHR": {"Valuation Measures": {"Market Cap (intraday)": 212380000000.0, "Enterprise Value": 228860000000.0, "Trailing P/E": 39.58, "Forward P/E": 32.66, "PEG Ratio (5 yr expected)": 1.87, "Price/Sales": 7.95, "Price/Book": 5.38, "Enterprise Value/Revenue": 8.56, "Enterprise Value/EBITDA": 25.33}, "Fiscal Year": {"Last Split Date": "Jul 04, 2016", "Fiscal Year Ends": "Dec 30, 2020"}, "Profitability": {"Most Recent Quarter": "Jul 01, 2021", "Profit Margin": 21.0}, "Management Effectiveness": {"Operating Margin": 26.23, "Return on Assets": 5.87}, "Income Statement": {"Return on Equity": 13.98, "Revenue": 26720000000.0, "Revenue Per Share": 37.5, "Quarterly Revenue Growth": 36.3, "Gross Profit": 12930000000.0, "EBITDA": 9040000000.0, "Net Income Avi to Common": 5360000000.0, "Diluted EPS": 7.52}, "Balance Sheet": {"Quarterly Earnings Growth": 92.6, "Total Cash": 7320000000.0, "Total Cash Per Share": 10.26, "Total Debt": 20530000000.0, "Total Debt/Equity": 48.01, "Current Ratio": 2.26}, "Cash Flow Statement": {"Book Value Per Share": 55.32, "Operating Cash Flow": 7940000000.0}}, "DIS": {"Valuation Measures": {"Market Cap (intraday)": 319820000000.0, "Enterprise Value": 373730000000.0, "Trailing P/E": "N/A", "Forward P/E": 35.2, "PEG Ratio (5 yr expected)": 1.49, "Price/Sales": 5.48, "Price/Book": 3.74, "Enterprise Value/Revenue": 6.41, "Enterprise Value/EBITDA": 57.51}, "Fiscal Year": {"Last Split Date": "Jun 12, 2007", "Fiscal Year Ends": "Oct 02, 2020"}, "Profitability": {"Most Recent Quarter": "Apr 02, 2021", "Profit Margin": -7.73}, "Management Effectiveness": {"Operating Margin": 2.09, "Return on Assets": 0.37}, "Income Statement": {"Return on Equity": -3.92, "Revenue": 58350000000.0, "Revenue Per Share": 32.2, "Quarterly Revenue Growth": -13.4, "Gross Profit": 21510000000.0, "EBITDA": 6500000000.0, "Net Income Avi to Common": -4490000000.0, "Diluted EPS": -2.49}, "Balance Sheet": {"Quarterly Earnings Growth": 95.9, "Total Cash": 15890000000.0, "Total Cash Per Share": 8.75, "Total Debt": 56150000000.0, "Total Debt/Equity": 56.6, "Current Ratio": 1.23}, "Cash Flow Statement": {"Book Value Per Share": 47.08, "Operating Cash Flow": 4300000000.0}}, "FB": {"Valuation Measures": {"Market Cap (intraday)": 1000000000000.0, "Enterprise Value": 953050000000.0, "Trailing P/E": 26.46, "Forward P/E": 23.41, "PEG Ratio (5 yr expected)": 1.14, "Price/Sales": 9.59, "Price/Book": 7.28, "Enterprise Value/Revenue": 9.1, "Enterprise Value/EBITDA": 18.3}, "Fiscal Year": {"Last Split Date": "N/A", "Fiscal Year Ends": "Dec 30, 2020"}, "Profitability": {"Most Recent Quarter": "Jun 29, 2021", "Profit Margin": 37.18}, "Management Effectiveness": {"Operating Margin": 42.52, "Return on Assets": 17.95}, "Income Statement": {"Return on Equity": 31.33, "Revenue": 104790000000.0, "Revenue Per Share": 36.82, "Quarterly Revenue Growth": 55.6, "Gross Profit": 69270000000.0, "EBITDA": 52080000000.0, "Net Income Avi to Common": 38960000000.0, "Diluted EPS": 13.47}, "Balance Sheet": {"Quarterly Earnings Growth": 100.7, "Total Cash": 64080000000.0, "Total Cash Per Share": 22.73, "Total Debt": 12560000000.0, "Total Debt/Equity": 9.09, "Current Ratio": 5.43}, "Cash Flow Statement": {"Book Value Per Share": 48.91, "Operating Cash Flow": 49360000000.0}}, "GOOG": {"Valuation Measures": {"Market Cap (intraday)": 1800000000000.0, "Enterprise Value": 1700000000000.0, "Trailing P/E": 29.34, "Forward P/E": 28.49, "PEG Ratio (5 yr expected)": 1.38, "Price/Sales": 8.17, "Price/Book": 7.6, "Enterprise Value/Revenue": 7.7, "Enterprise Value/EBITDA": 22.44}, "Fiscal Year": {"Last Split Date": "Apr 26, 2015", "Fiscal Year Ends": "Dec 30, 2020"}, "Profitability": {"Most Recent Quarter": "Jun 29, 2021", "Profit Margin": 28.57}, "Management Effectiveness": {"Operating Margin": 28.45, "Return on Assets": 12.76}, "Income Statement": {"Return on Equity": 28.29, "Revenue": 220270000000.0, "Revenue Per Share": 326.66, "Quarterly Revenue Growth": 61.6, "Gross Profit": 97800000000.0, "EBITDA": 75550000000.0, "Net Income Avi to Common": 62930000000.0, "Diluted EPS": 92.19}, "Balance Sheet": {"Quarterly Earnings Growth": 166.2, "Total Cash": 135860000000.00002, "Total Cash Per Share": 203.77, "Total Debt": 28100000000.0, "Total Debt/Equity": 11.83, "Current Ratio": 3.15}, "Cash Flow Statement": {"Book Value Per Share": 355.83, "Operating Cash Flow": 80860000000.0}}, "GOOGL": {"Valuation Measures": {"Market Cap (intraday)": 1800000000000.0, "Enterprise Value": 1690000000000.0, "Trailing P/E": 29.23, "Forward P/E": 28.41, "PEG Ratio (5 yr expected)": 1.38, "Price/Sales": 8.17, "Price/Book": 7.57, "Enterprise Value/Revenue": 7.67, "Enterprise Value/EBITDA": 22.35}, "Fiscal Year": {"Last Split Date": "Apr 02, 2014", "Fiscal Year Ends": "Dec 30, 2020"}, "Profitability": {"Most Recent Quarter": "Jun 29, 2021", "Profit Margin": 28.57}, "Management Effectiveness": {"Operating Margin": 28.45, "Return on Assets": 12.76}, "Income Statement": {"Return on Equity": 28.29, "Revenue": 220270000000.0, "Revenue Per Share": 326.66, "Quarterly Revenue Growth": 61.6, "Gross Profit": 97800000000.0, "EBITDA": 75550000000.0, "Net Income Avi to Common": 62930000000.0, "Diluted EPS": 92.19}, "Balance Sheet": {"Quarterly Earnings Growth": 166.2, "Total Cash": 135860000000.00002, "Total Cash Per Share": 203.77, "Total Debt": 28100000000.0, "Total Debt/Equity": 11.83, "Current Ratio": 3.15}, "Cash Flow Statement": {"Book Value Per Share": 355.83, "Operating Cash Flow": 80860000000.0}}, "HD": {"Valuation Measures": {"Market Cap (intraday)": 348950000000.0, "Enterprise Value": 384250000000.0, "Trailing P/E": 23.92, "Forward P/E": 22.0, "PEG Ratio (5 yr expected)": 2.15, "Price/Sales": 2.47, "Price/Book": 199.99, "Enterprise Value/Revenue": 2.72, "Enterprise Value/EBITDA": 15.39}, "Fiscal Year": {"Last Split Date": "Dec 30, 1999", "Fiscal Year Ends": "Jan 30, 2021"}, "Profitability": {"Most Recent Quarter": "May 01, 2021", "Profit Margin": 10.45}, "Management Effectiveness": {"Operating Margin": 15.81, "Return on Assets": 21.27}, "Income Statement": {"Return on Equity": "N/A", "Revenue": 141350000000.0, "Revenue Per Share": 131.67, "Quarterly Revenue Growth": 32.7, "Gross Profit": 44850000000.0, "EBITDA": 24960000000.0, "Net Income Avi to Common": 14770000000.0, "Diluted EPS": 13.72}, "Balance Sheet": {"Quarterly Earnings Growth": 84.6, "Total Cash": 6650000000.0, "Total Cash Per Share": 6.25, "Total Debt": 41940000000.0, "Total Debt/Equity": 2399.49, "Current Ratio": 1.11}, "Cash Flow Statement": {"Book Value Per Share": 1.64, "Operating Cash Flow": 19410000000.0}}, "INTC": {"Valuation Measures": {"Market Cap (intraday)": 217940000000.0, "Enterprise Value": 228490000000.0, "Trailing P/E": 11.93, "Forward P/E": 11.75, "PEG Ratio (5 yr expected)": 2.26, "Price/Sales": 2.81, "Price/Book": 2.56, "Enterprise Value/Revenue": 2.94, "Enterprise Value/EBITDA": 6.59}, "Fiscal Year": {"Last Split Date": "Jul 30, 2000", "Fiscal Year Ends": "Dec 25, 2020"}, "Profitability": {"Most Recent Quarter": "Jun 25, 2021", "Profit Margin": 23.91}, "Management Effectiveness": {"Operating Margin": 29.33, "Return on Assets": 9.27}, "Income Statement": {"Return on Equity": 22.19, "Revenue": 77610000000.0, "Revenue Per Share": 18.94, "Quarterly Revenue Growth": -0.5, "Gross Profit": 43610000000.0, "EBITDA": 34650000000.0, "Net Income Avi to Common": 18560000000.0, "Diluted EPS": 4.5}, "Balance Sheet": {"Quarterly Earnings Growth": -0.9, "Total Cash": 24860000000.0, "Total Cash Per Share": 6.13, "Total Debt": 35410000000.0, "Total Debt/Equity": 41.56, "Current Ratio": 1.99}, "Cash Flow Statement": {"Book Value Per Share": 21.0, "Operating Cash Flow": 32360000000.0}}, "JNJ": {"Valuation Measures": {"Market Cap (intraday)": 453470000000.0, "Enterprise Value": 462460000000.0, "Trailing P/E": 25.89, "Forward P/E": 16.53, "PEG Ratio (5 yr expected)": 2.34, "Price/Sales": 5.08, "Price/Book": 6.89, "Enterprise Value/Revenue": 5.18, "Enterprise Value/EBITDA": 15.13}, "Fiscal Year": {"Last Split Date": "Jun 12, 2001", "Fiscal Year Ends": "Jan 02, 2021"}, "Profitability": {"Most Recent Quarter": "Jul 03, 2021", "Profit Margin": 19.92}, "Management Effectiveness": {"Operating Margin": 25.81, "Return on Assets": "N/A"}, "Income Statement": {"Return on Equity": "N/A", "Revenue": 89190000000.0, "Revenue Per Share": 33.86, "Quarterly Revenue Growth": 27.1, "Gross Profit": 54260000000.0, "EBITDA": 30560000000.0, "Net Income Avi to Common": 17770000000.0, "Diluted EPS": 6.65}, "Balance Sheet": {"Quarterly Earnings Growth": 73.1, "Total Cash": 24620000000.0, "Total Cash Per Share": 9.35, "Total Debt": 33610000000.0, "Total Debt/Equity": 51.06, "Current Ratio": "N/A"}, "Cash Flow Statement": {"Book Value Per Share": 25.01, "Operating Cash Flow": "N/A"}}, "JPM": {"Valuation Measures": {"Market Cap (intraday)": 453550000000.0, "Enterprise Value": -332860000000.0, "Trailing P/E": 10.13, "Forward P/E": 12.81, "PEG Ratio (5 yr expected)": 3.88, "Price/Sales": 3.53, "Price/Book": 1.79, "Enterprise Value/Revenue": -2.59, "Enterprise Value/EBITDA": "N/A"}, "Fiscal Year": {"Last Split Date": "Jun 11, 2000", "Fiscal Year Ends": "Dec 30, 2020"}, "Profitability": {"Most Recent Quarter": "Jun 29, 2021", "Profit Margin": 37.18}, "Management Effectiveness": {"Operating Margin": 46.91, "Return on Assets": 1.39}, "Income Statement": {"Return on Equity": 17.36, "Revenue": 128650000000.0, "Revenue Per Share": 41.95, "Quarterly Revenue Growth": 45.6, "Gross Profit": 102060000000.0, "EBITDA": "N/A", "Net Income Avi to Common": 46060000000.0, "Diluted EPS": 14.99}, "Balance Sheet": {"Quarterly Earnings Growth": 154.9, "Total Cash": 1490000000000.0, "Total Cash Per Share": 497.62, "Total Debt": 667750000000.0, "Total Debt/Equity": "N/A", "Current Ratio": "N/A"}, "Cash Flow Statement": {"Book Value Per Share": 84.85, "Operating Cash Flow": "N/A"}}, "KO": {"Valuation Measures": {"Market Cap (intraday)": 246180000000.0, "Enterprise Value": 277190000000.0, "Trailing P/E": 30.48, "Forward P/E": 24.17, "PEG Ratio (5 yr expected)": 2.73, "Price/Sales": 6.76, "Price/Book": 11.06, "Enterprise Value/Revenue": 7.61, "Enterprise Value/EBITDA": 21.32}, "Fiscal Year": {"Last Split Date": "Aug 12, 2012", "Fiscal Year Ends": "Dec 30, 2020"}, "Profitability": {"Most Recent Quarter": "Jul 01, 2021", "Profit Margin": 22.19}, "Management Effectiveness": {"Operating Margin": 31.48, "Return on Assets": 7.75}, "Income Statement": {"Return on Equity": 37.26, "Revenue": 36410000000.0, "Revenue Per Share": 8.46, "Quarterly Revenue Growth": 41.7, "Gross Profit": 19580000000.0, "EBITDA": 13000000000.0, "Net Income Avi to Common": 8080000000.0, "Diluted EPS": 1.87}, "Balance Sheet": {"Quarterly Earnings Growth": 48.5, "Total Cash": 13050000000.0, "Total Cash Per Share": 3.02, "Total Debt": 42060000000.0, "Total Debt/Equity": 173.39, "Current Ratio": 1.47}, "Cash Flow Statement": {"Book Value Per Share": 5.16, "Operating Cash Flow": 12580000000.0}}, "LLY": {"Valuation Measures": {"Market Cap (intraday)": 233520000000.0, "Enterprise Value": 234780000000.0, "Trailing P/E": 36.45, "Forward P/E": 28.45, "PEG Ratio (5 yr expected)": 2.01, "Price/Sales": 9.16, "Price/Book": 32.09, "Enterprise Value/Revenue": 9.21, "Enterprise Value/EBITDA": 27.64}, "Fiscal Year": {"Last Split Date": "Oct 15, 1997", "Fiscal Year Ends": "Dec 30, 2020"}, "Profitability": {"Most Recent Quarter": "Mar 30, 2021", "Profit Margin": 23.91}, "Management Effectiveness": {"Operating Margin": 27.83, "Return on Assets": 10.08}, "Income Statement": {"Return on Equity": 118.34, "Revenue": 25490000000.0, "Revenue Per Share": 28.08, "Quarterly Revenue Growth": 16.1, "Gross Profit": 19060000000.0, "EBITDA": 8490000000.0, "Net Income Avi to Common": 6090000000.0, "Diluted EPS": 6.68}, "Balance Sheet": {"Quarterly Earnings Growth": -6.9, "Total Cash": 3060000000.0, "Total Cash Per Share": 3.37, "Total Debt": 16300000000.0, "Total Debt/Equity": 229.54, "Current Ratio": 1.42}, "Cash Flow Statement": {"Book Value Per Share": 7.59, "Operating Cash Flow": 7810000000.0}}, "MA": {"Valuation Measures": {"Market Cap (intraday)": 380840000000.0, "Enterprise Value": 388750000000.0, "Trailing P/E": 59.21, "Forward P/E": 36.97, "PEG Ratio (5 yr expected)": 2.28, "Price/Sales": 24.65, "Price/Book": 60.51, "Enterprise Value/Revenue": 25.17, "Enterprise Value/EBITDA": 44.47}, "Fiscal Year": {"Last Split Date": "Jan 21, 2014", "Fiscal Year Ends": "Dec 30, 2020"}, "Profitability": {"Most Recent Quarter": "Mar 30, 2021", "Profit Margin": 42.38}, "Management Effectiveness": {"Operating Margin": 52.71, "Return on Assets": 15.55}, "Income Statement": {"Return on Equity": 109.55, "Revenue": 15450000000.0, "Revenue Per Share": 15.46, "Quarterly Revenue Growth": 3.6, "Gross Profit": 15300000000.0, "EBITDA": 8740000000.0, "Net Income Avi to Common": 6550000000.0, "Diluted EPS": 6.52}, "Balance Sheet": {"Quarterly Earnings Growth": 8.0, "Total Cash": 7740000000.0, "Total Cash Per Share": 7.8, "Total Debt": 13870000000.0, "Total Debt/Equity": 214.94, "Current Ratio": 1.43}, "Cash Flow Statement": {"Book Value Per Share": 6.38, "Operating Cash Flow": 6830000000.0}}, "MSFT": {"Valuation Measures": {"Market Cap (intraday)": 2140000000000.0002, "Enterprise Value": 2089999999999.9998, "Trailing P/E": 35.39, "Forward P/E": 34.04, "PEG Ratio (5 yr expected)": 2.07, "Price/Sales": 12.74, "Price/Book": 15.09, "Enterprise Value/Revenue": 12.45, "Enterprise Value/EBITDA": 25.65}, "Fiscal Year": {"Last Split Date": "Feb 17, 2003", "Fiscal Year Ends": "Jun 29, 2021"}, "Profitability": {"Most Recent Quarter": "Jun 29, 2021", "Profit Margin": 36.45}, "Management Effectiveness": {"Operating Margin": 41.6, "Return on Assets": 13.76}, "Income Statement": {"Return on Equity": 47.08, "Revenue": 168090000000.0, "Revenue Per Share": 22.27, "Quarterly Revenue Growth": 21.3, "Gross Profit": 115860000000.0, "EBITDA": 81600000000.0, "Net Income Avi to Common": 61270000000.0, "Diluted EPS": 8.05}, "Balance Sheet": {"Quarterly Earnings Growth": 46.9, "Total Cash": 130330000000.00002, "Total Cash Per Share": 17.33, "Total Debt": 81200000000.0, "Total Debt/Equity": 57.19, "Current Ratio": 2.08}, "Cash Flow Statement": {"Book Value Per Share": 18.88, "Operating Cash Flow": 76740000000.0}}, "NFLX": {"Valuation Measures": {"Market Cap (intraday)": 229070000000.0, "Enterprise Value": 239240000000.0, "Trailing P/E": 53.63, "Forward P/E": 39.94, "PEG Ratio (5 yr expected)": 1.16, "Price/Sales": 8.3, "Price/Book": 16.52, "Enterprise Value/Revenue": 8.67, "Enterprise Value/EBITDA": 38.52}, "Fiscal Year": {"Last Split Date": "Jul 14, 2015", "Fiscal Year Ends": "Dec 30, 2020"}, "Profitability": {"Most Recent Quarter": "Jun 29, 2021", "Profit Margin": 15.92}, "Management Effectiveness": {"Operating Margin": 22.03, "Return on Assets": 9.72}, "Income Statement": {"Return on Equity": 37.86, "Revenue": 27590000000.0, "Revenue Per Share": 62.33, "Quarterly Revenue Growth": 19.4, "Gross Profit": 9720000000.0, "EBITDA": 6210000000.0, "Net Income Avi to Common": 4390000000.0, "Diluted EPS": 9.65}, "Balance Sheet": {"Quarterly Earnings Growth": 87.9, "Total Cash": 7780000000.0, "Total Cash Per Share": 17.57, "Total Debt": 17940000000.0, "Total Debt/Equity": 129.42, "Current Ratio": 1.23}, "Cash Flow Statement": {"Book Value Per Share": 31.32, "Operating Cash Flow": 1840000000.0}}, "NKE": {"Valuation Measures": {"Market Cap (intraday)": 264970000000.00003, "Enterprise Value": 264300000000.0, "Trailing P/E": 47.05, "Forward P/E": 32.85, "PEG Ratio (5 yr expected)": 2.16, "Price/Sales": 5.95, "Price/Book": 20.7, "Enterprise Value/Revenue": 5.93, "Enterprise Value/EBITDA": 32.92}, "Fiscal Year": {"Last Split Date": "Dec 23, 2015", "Fiscal Year Ends": "May 30, 2021"}, "Profitability": {"Most Recent Quarter": "May 30, 2021", "Profit Margin": 12.86}, "Management Effectiveness": {"Operating Margin": 16.24, "Return on Assets": 13.08}, "Income Statement": {"Return on Equity": 55.01, "Revenue": 44540000000.0, "Revenue Per Share": 28.31, "Quarterly Revenue Growth": 95.5, "Gross Profit": 20000000000.0, "EBITDA": 8029999999.999999, "Net Income Avi to Common": 5730000000.0, "Diluted EPS": 3.56}, "Balance Sheet": {"Quarterly Earnings Growth": "N/A", "Total Cash": 13480000000.0, "Total Cash Per Share": 8.52, "Total Debt": 12810000000.0, "Total Debt/Equity": 100.36, "Current Ratio": 2.72}, "Cash Flow Statement": {"Book Value Per Share": 8.09, "Operating Cash Flow": 6660000000.0}}, "NVDA": {"Valuation Measures": {"Market Cap (intraday)": 485920000000.0, "Enterprise Value": 480990000000.0, "Trailing P/E": 92.19, "Forward P/E": 11.28, "PEG Ratio (5 yr expected)": 1.95, "Price/Sales": 25.23, "Price/Book": 25.88, "Enterprise Value/Revenue": 24.98, "Enterprise Value/EBITDA": 68.98}, "Fiscal Year": {"Last Split Date": "Jul 19, 2021", "Fiscal Year Ends": "Jan 30, 2021"}, "Profitability": {"Most Recent Quarter": "May 01, 2021", "Profit Margin": 27.66}, "Management Effectiveness": {"Operating Margin": 29.61, "Return on Assets": 13.18}, "Income Statement": {"Return on Equity": 33.43, "Revenue": 19260000000.0, "Revenue Per Share": 7.78, "Quarterly Revenue Growth": 83.8, "Gross Profit": 10560000000.0, "EBITDA": 6970000000.0, "Net Income Avi to Common": 5330000000.0, "Diluted EPS": 2.12}, "Balance Sheet": {"Quarterly Earnings Growth": 108.5, "Total Cash": 12670000000.0, "Total Cash Per Share": 5.08, "Total Debt": 7740000000.0, "Total Debt/Equity": 41.22, "Current Ratio": 4.53}, "Cash Flow Statement": {"Book Value Per Share": 7.53, "Operating Cash Flow": 6790000000.0}}, "NVO": {"Valuation Measures": {"Market Cap (intraday)": 212610000000.0, "Enterprise Value": 215860000000.0, "Trailing P/E": 31.49, "Forward P/E": 28.06, "PEG Ratio (5 yr expected)": 130.59, "Price/Sales": 1.68, "Price/Book": 3.66, "Enterprise Value/Revenue": 1.7, "Enterprise Value/EBITDA": 3.74}, "Fiscal Year": {"Last Split Date": "Jan 08, 2014", "Fiscal Year Ends": "Dec 30, 2020"}, "Profitability": {"Most Recent Quarter": "Mar 30, 2021", "Profit Margin": 33.78}, "Management Effectiveness": {"Operating Margin": 41.9, "Return on Assets": 24.83}, "Income Statement": {"Return on Equity": 75.94, "Revenue": 126880000000.0, "Revenue Per Share": 54.59, "Quarterly Revenue Growth": -0.2, "Gross Profit": 106010000000.0, "EBITDA": 57760000000.0, "Net Income Avi to Common": 42860000000.0, "Diluted EPS": 2.94}, "Balance Sheet": {"Quarterly Earnings Growth": 6.1, "Total Cash": 7670000000.0, "Total Cash Per Share": 3.32, "Total Debt": 9660000000.0, "Total Debt/Equity": 16.5, "Current Ratio": 0.85}, "Cash Flow Statement": {"Book Value Per Share": 25.33, "Operating Cash Flow": 53190000000.0}}, "NVS": {"Valuation Measures": {"Market Cap (intraday)": 207120000000.0, "Enterprise Value": 237270000000.0, "Trailing P/E": 23.41, "Forward P/E": 13.96, "PEG Ratio (5 yr expected)": 1.89, "Price/Sales": 4.02, "Price/Book": 3.82, "Enterprise Value/Revenue": 4.6, "Enterprise Value/EBITDA": 12.45}, "Fiscal Year": {"Last Split Date": "Apr 08, 2019", "Fiscal Year Ends": "Dec 30, 2020"}, "Profitability": {"Most Recent Quarter": "Jun 29, 2021", "Profit Margin": 17.43}, "Management Effectiveness": {"Operating Margin": 26.67, "Return on Assets": 6.94}, "Income Statement": {"Return on Equity": 16.64, "Revenue": 51560000000.0, "Revenue Per Share": 22.81, "Quarterly Revenue Growth": 14.4, "Gross Profit": 35500000000.0, "EBITDA": 19060000000.0, "Net Income Avi to Common": 8980000000.0, "Diluted EPS": 3.95}, "Balance Sheet": {"Quarterly Earnings Growth": 55.1, "Total Cash": 5310000000.0, "Total Cash Per Share": 2.38, "Total Debt": 35850000000.0, "Total Debt/Equity": 66.22, "Current Ratio": 0.8}, "Cash Flow Statement": {"Book Value Per Share": 24.16, "Operating Cash Flow": 13420000000.0}}, "ORCL": {"Valuation Measures": {"Market Cap (intraday)": 243290000000.0, "Enterprise Value": 284480000000.0, "Trailing P/E": 19.15, "Forward P/E": 17.02, "PEG Ratio (5 yr expected)": 1.7, "Price/Sales": 6.01, "Price/Book": 46.82, "Enterprise Value/Revenue": 7.03, "Enterprise Value/EBITDA": 15.85}, "Fiscal Year": {"Last Split Date": "Oct 12, 2000", "Fiscal Year Ends": "May 30, 2021"}, "Profitability": {"Most Recent Quarter": "May 30, 2021", "Profit Margin": 33.96}, "Management Effectiveness": {"Operating Margin": 38.67, "Return on Assets": 7.94}, "Income Statement": {"Return on Equity": 147.26, "Revenue": 40480000000.0, "Revenue Per Share": 13.74, "Quarterly Revenue Growth": 7.5, "Gross Profit": 32619999999.999996, "EBITDA": 17950000000.0, "Net Income Avi to Common": 13750000000.0, "Diluted EPS": 4.55}, "Balance Sheet": {"Quarterly Earnings Growth": 29.4, "Total Cash": 46560000000.0, "Total Cash Per Share": 16.67, "Total Debt": 87030000000.0, "Total Debt/Equity": 1462.15, "Current Ratio": 2.3}, "Cash Flow Statement": {"Book Value Per Share": 1.86, "Operating Cash Flow": 15890000000.0}}, "PEP": {"Valuation Measures": {"Market Cap (intraday)": 216920000000.0, "Enterprise Value": 253540000000.0, "Trailing P/E": 26.5, "Forward P/E": 23.85, "PEG Ratio (5 yr expected)": 2.71, "Price/Sales": 2.91, "Price/Book": 14.18, "Enterprise Value/Revenue": 3.4, "Enterprise Value/EBITDA": 18.5}, "Fiscal Year": {"Last Split Date": "May 28, 1996", "Fiscal Year Ends": "Dec 25, 2020"}, "Profitability": {"Most Recent Quarter": "Jun 11, 2021", "Profit Margin": 11.01}, "Management Effectiveness": {"Operating Margin": 15.68, "Return on Assets": 8.03}, "Income Statement": {"Return on Equity": 59.04, "Revenue": 74580000000.0, "Revenue Per Share": 54.01, "Quarterly Revenue Growth": 20.5, "Gross Profit": 38640000000.0, "EBITDA": 13700000000.0, "Net Income Avi to Common": 8210000000.000001, "Diluted EPS": 5.92}, "Balance Sheet": {"Quarterly Earnings Growth": 43.3, "Total Cash": 5780000000.0, "Total Cash Per Share": 4.18, "Total Debt": 42300000000.0, "Total Debt/Equity": 274.7, "Current Ratio": 0.91}, "Cash Flow Statement": {"Book Value Per Share": 11.07, "Operating Cash Flow": 11490000000.0}}, "PFE": {"Valuation Measures": {"Market Cap (intraday)": 239640000000.0, "Enterprise Value": 265910000000.00003, "Trailing P/E": 18.28, "Forward P/E": 12.52, "PEG Ratio (5 yr expected)": 0.92, "Price/Sales": 4.32, "Price/Book": 3.49, "Enterprise Value/Revenue": 4.79, "Enterprise Value/EBITDA": 13.31}, "Fiscal Year": {"Last Split Date": "Nov 16, 2020", "Fiscal Year Ends": "Dec 30, 2020"}, "Profitability": {"Most Recent Quarter": "Jul 03, 2021", "Profit Margin": 23.8}, "Management Effectiveness": {"Operating Margin": 27.3, "Return on Assets": "N/A"}, "Income Statement": {"Return on Equity": "N/A", "Revenue": 55520000000.0, "Revenue Per Share": 9.96, "Quarterly Revenue Growth": 60.8, "Gross Profit": 33330000000.0, "EBITDA": 19970000000.0, "Net Income Avi to Common": 12320000000.0, "Diluted EPS": 2.34}, "Balance Sheet": {"Quarterly Earnings Growth": 62.4, "Total Cash": 13670000000.0, "Total Cash Per Share": 2.44, "Total Debt": 39700000000.0, "Total Debt/Equity": 57.65, "Current Ratio": "N/A"}, "Cash Flow Statement": {"Book Value Per Share": 12.27, "Operating Cash Flow": "N/A"}}, "PG": {"Valuation Measures": {"Market Cap (intraday)": 348210000000.0, "Enterprise Value": 396600000000.0, "Trailing P/E": 25.86, "Forward P/E": 23.98, "PEG Ratio (5 yr expected)": 2.86, "Price/Sales": 4.57, "Price/Book": 8.04, "Enterprise Value/Revenue": 5.21, "Enterprise Value/EBITDA": 19.14}, "Fiscal Year": {"Last Split Date": "Jun 20, 2004", "Fiscal Year Ends": "Jun 29, 2021"}, "Profitability": {"Most Recent Quarter": "Jun 29, 2021", "Profit Margin": 18.79}, "Management Effectiveness": {"Operating Margin": 23.63, "Return on Assets": 9.37}, "Income Statement": {"Return on Equity": 30.69, "Revenue": 76120000000.0, "Revenue Per Share": 30.27, "Quarterly Revenue Growth": 7.1, "Gross Profit": 39010000000.0, "EBITDA": 20720000000.0, "Net Income Avi to Common": 14310000000.0, "Diluted EPS": 5.5}, "Balance Sheet": {"Quarterly Earnings Growth": 3.8, "Total Cash": 10290000000.0, "Total Cash Per Share": 3.9, "Total Debt": 31990000000.0, "Total Debt/Equity": 68.56, "Current Ratio": 0.7}, "Cash Flow Statement": {"Book Value Per Share": 17.7, "Operating Cash Flow": 18370000000.0}}, "PYPL": {"Valuation Measures": {"Market Cap (intraday)": 323760000000.0, "Enterprise Value": 320300000000.0, "Trailing P/E": 67.22, "Forward P/E": 46.78, "PEG Ratio (5 yr expected)": 2.61, "Price/Sales": 13.58, "Price/Book": 15.49, "Enterprise Value/Revenue": 13.43, "Enterprise Value/EBITDA": 62.51}, "Fiscal Year": {"Last Split Date": "N/A", "Fiscal Year Ends": "Dec 30, 2020"}, "Profitability": {"Most Recent Quarter": "Jun 29, 2021", "Profit Margin": 20.42}, "Management Effectiveness": {"Operating Margin": 17.74, "Return on Assets": 3.86}, "Income Statement": {"Return on Equity": 25.24, "Revenue": 23850000000.0, "Revenue Per Share": 20.32, "Quarterly Revenue Growth": 18.6, "Gross Profit": 10000000000.0, "EBITDA": 5120000000.0, "Net Income Avi to Common": 4870000000.0, "Diluted EPS": 4.1}, "Balance Sheet": {"Quarterly Earnings Growth": -22.6, "Total Cash": 12390000000.0, "Total Cash Per Share": 10.55, "Total Debt": 8950000000.0, "Total Debt/Equity": 42.79, "Current Ratio": 1.29}, "Cash Flow Statement": {"Book Value Per Share": 17.79, "Operating Cash Flow": 5730000000.0}}, "T": {"Valuation Measures": {"Market Cap (intraday)": 200270000000.0, "Enterprise Value": 407380000000.0, "Trailing P/E": "N/A", "Forward P/E": 8.99, "PEG Ratio (5 yr expected)": 6.58, "Price/Sales": 1.14, "Price/Book": 1.23, "Enterprise Value/Revenue": 2.31, "Enterprise Value/EBITDA": 8.18}, "Fiscal Year": {"Last Split Date": "Mar 19, 1998", "Fiscal Year Ends": "Dec 30, 2020"}, "Profitability": {"Most Recent Quarter": "Jun 29, 2021", "Profit Margin": -1.11}, "Management Effectiveness": {"Operating Margin": 15.73, "Return on Assets": 3.17}, "Income Statement": {"Return on Equity": -0.28, "Revenue": 176010000000.0, "Revenue Per Share": 24.59, "Quarterly Revenue Growth": 7.6, "Gross Profit": 91840000000.0, "EBITDA": 49780000000.0, "Net Income Avi to Common": -2160000000.0, "Diluted EPS": -0.31}, "Balance Sheet": {"Quarterly Earnings Growth": 22.6, "Total Cash": 11870000000.0, "Total Cash Per Share": 1.66, "Total Debt": 201420000000.0, "Total Debt/Equity": 112.0, "Current Ratio": 0.77}, "Cash Flow Statement": {"Book Value Per Share": 22.73, "Operating Cash Flow": 43040000000.0}}, "TM": {"Valuation Measures": {"Market Cap (intraday)": 251210000000.0, "Enterprise Value": 17800000000000.0, "Trailing P/E": 12.38, "Forward P/E": "N/A", "PEG Ratio (5 yr expected)": "N/A", "Price/Sales": 0.01, "Price/Book": 0.01, "Enterprise Value/Revenue": 0.65, "Enterprise Value/EBITDA": 5.04}, "Fiscal Year": {"Last Split Date": "Jun 24, 1991", "Fiscal Year Ends": "Mar 30, 2021"}, "Profitability": {"Most Recent Quarter": "Mar 30, 2021", "Profit Margin": 8.25}, "Management Effectiveness": {"Operating Margin": 8.08, "Return on Assets": 2.36}, "Income Statement": {"Return on Equity": 10.0, "Revenue": 27210000000000.0, "Revenue Per Share": 19471.76, "Quarterly Revenue Growth": 9.3, "Gross Profit": 4830000000000.0, "EBITDA": 3530000000000.0, "Net Income Avi to Common": 2250000000000.0, "Diluted EPS": 14.52}, "Balance Sheet": {"Quarterly Earnings Growth": 3260.1, "Total Cash": 9310000000000.0, "Total Cash Per Share": 6658.08, "Total Debt": 25980000000000.0, "Total Debt/Equity": 106.95, "Current Ratio": 1.06}, "Cash Flow Statement": {"Book Value Per Share": 16741.76, "Operating Cash Flow": 2730000000000.0}}, "TMO": {"Valuation Measures": {"Market Cap (intraday)": 212240000000.0, "Enterprise Value": 223980000000.0, "Trailing P/E": 25.01, "Forward P/E": 27.29, "PEG Ratio (5 yr expected)": 4.62, "Price/Sales": 5.55, "Price/Book": 5.76, "Enterprise Value/Revenue": 5.86, "Enterprise Value/EBITDA": 16.89}, "Fiscal Year": {"Last Split Date": "Jun 05, 1996", "Fiscal Year Ends": "Dec 30, 2020"}, "Profitability": {"Most Recent Quarter": "Jul 02, 2021", "Profit Margin": 22.47}, "Management Effectiveness": {"Operating Margin": 28.24, "Return on Assets": 10.44}, "Income Statement": {"Return on Equity": 25.76, "Revenue": 38250000000.0, "Revenue Per Share": 96.83, "Quarterly Revenue Growth": 34.1, "Gross Profit": 16010000000.000002, "EBITDA": 13260000000.0, "Net Income Avi to Common": 8600000000.0, "Diluted EPS": 21.59}, "Balance Sheet": {"Quarterly Earnings Growth": 58.1, "Total Cash": 7020000000.0, "Total Cash Per Share": 17.87, "Total Debt": 18780000000.0, "Total Debt/Equity": 50.95, "Current Ratio": 2.78}, "Cash Flow Statement": {"Book Value Per Share": 93.78, "Operating Cash Flow": 10250000000.0}}, "TSLA": {"Valuation Measures": {"Market Cap (intraday)": 680340000000.0, "Enterprise Value": 666970000000.0, "Trailing P/E": 362.26, "Forward P/E": 111.2, "PEG Ratio (5 yr expected)": 3.3, "Price/Sales": 16.25, "Price/Book": 27.26, "Enterprise Value/Revenue": 15.93, "Enterprise Value/EBITDA": 115.97}, "Fiscal Year": {"Last Split Date": "Aug 30, 2020", "Fiscal Year Ends": "Dec 30, 2020"}, "Profitability": {"Most Recent Quarter": "Jun 29, 2021", "Profit Margin": 5.21}, "Management Effectiveness": {"Operating Margin": 7.88, "Return on Assets": 4.42}, "Income Statement": {"Return on Equity": 12.27, "Revenue": 41860000000.0, "Revenue Per Share": 43.81, "Quarterly Revenue Growth": 98.1, "Gross Profit": 6630000000.0, "EBITDA": 5750000000.0, "Net Income Avi to Common": 2150000000.0, "Diluted EPS": 1.9}, "Balance Sheet": {"Quarterly Earnings Growth": 998.1, "Total Cash": 16230000000.0, "Total Cash Per Share": 16.39, "Total Debt": 11170000000.0, "Total Debt/Equity": 42.55, "Current Ratio": 1.51}, "Cash Flow Statement": {"Book Value Per Share": 25.21, "Operating Cash Flow": 9180000000.0}}, "TSM": {"Valuation Measures": {"Market Cap (intraday)": 604900000000.0, "Enterprise Value": 147700000000.0, "Trailing P/E": 30.41, "Forward P/E": 25.08, "PEG Ratio (5 yr expected)": 1.88, "Price/Sales": 0.42, "Price/Book": 0.3, "Enterprise Value/Revenue": 0.1, "Enterprise Value/EBITDA": 0.15}, "Fiscal Year": {"Last Split Date": "Jul 14, 2009", "Fiscal Year Ends": "Dec 30, 2020"}, "Profitability": {"Most Recent Quarter": "Jun 29, 2021", "Profit Margin": 38.15}, "Management Effectiveness": {"Operating Margin": 41.56, "Return on Assets": 13.62}, "Income Statement": {"Return on Equity": 29.84, "Revenue": 1450000000000.0, "Revenue Per Share": 280.08, "Quarterly Revenue Growth": 19.8, "Gross Profit": 711150000000.0, "EBITDA": 991590000000.0, "Net Income Avi to Common": 554130000000.0, "Diluted EPS": 3.84}, "Balance Sheet": {"Quarterly Earnings Growth": 11.2, "Total Cash": 870840000000.0, "Total Cash Per Share": 167.92, "Total Debt": 413640000000.0, "Total Debt/Equity": 20.74, "Current Ratio": 1.88}, "Cash Flow Statement": {"Book Value Per Share": 384.49, "Operating Cash Flow": "N/A"}}, "UNH": {"Valuation Measures": {"Market Cap (intraday)": 389010000000.0, "Enterprise Value": 421040000000.0, "Trailing P/E": 27.23, "Forward P/E": 19.29, "PEG Ratio (5 yr expected)": 1.73, "Price/Sales": 1.43, "Price/Book": 5.47, "Enterprise Value/Revenue": 1.55, "Enterprise Value/EBITDA": 18.26}, "Fiscal Year": {"Last Split Date": "May 30, 2005", "Fiscal Year Ends": "Dec 30, 2020"}, "Profitability": {"Most Recent Quarter": "Jun 29, 2021", "Profit Margin": 5.33}, "Management Effectiveness": {"Operating Margin": 7.68, "Return on Assets": 6.48}, "Income Statement": {"Return on Equity": 21.11, "Revenue": 272100000000.00003, "Revenue Per Share": 287.48, "Quarterly Revenue Growth": 14.8, "Gross Profit": 67000000000.0, "EBITDA": 23060000000.0, "Net Income Avi to Common": 14510000000.0, "Diluted EPS": 15.14}, "Balance Sheet": {"Quarterly Earnings Growth": -35.7, "Total Cash": 22560000000.0, "Total Cash Per Share": 23.6, "Total Debt": 48220000000.0, "Total Debt/Equity": 65.76, "Current Ratio": 0.77}, "Cash Flow Statement": {"Book Value Per Share": 75.34, "Operating Cash Flow": 20770000000.0}}, "V": {"Valuation Measures": {"Market Cap (intraday)": 540679999999.99994, "Enterprise Value": 528820000000.00006, "Trailing P/E": 49.83, "Forward P/E": 34.9, "PEG Ratio (5 yr expected)": 2.26, "Price/Sales": 23.87, "Price/Book": 15.12, "Enterprise Value/Revenue": 23.35, "Enterprise Value/EBITDA": 34.19}, "Fiscal Year": {"Last Split Date": "Mar 18, 2015", "Fiscal Year Ends": "Sep 29, 2020"}, "Profitability": {"Most Recent Quarter": "Jun 29, 2021", "Profit Margin": 47.97}, "Management Effectiveness": {"Operating Margin": 64.77, "Return on Assets": 11.42}, "Income Statement": {"Return on Equity": 29.64, "Revenue": 22650000000.0, "Revenue Per Share": 10.62, "Quarterly Revenue Growth": 26.7, "Gross Profit": 21120000000.0, "EBITDA": 15470000000.0, "Net Income Avi to Common": 10570000000.0, "Diluted EPS": 4.95}, "Balance Sheet": {"Quarterly Earnings Growth": 8.5, "Total Cash": 19240000000.0, "Total Cash Per Share": 9.05, "Total Debt": 21000000000.0, "Total Debt/Equity": 55.56, "Current Ratio": 2.0}, "Cash Flow Statement": {"Book Value Per Share": 16.3, "Operating Cash Flow": 13350000000.0}}, "VZ": {"Valuation Measures": {"Market Cap (intraday)": 230940000000.0, "Enterprise Value": 407250000000.0, "Trailing P/E": 11.56, "Forward P/E": 10.75, "PEG Ratio (5 yr expected)": 3.48, "Price/Sales": 1.74, "Price/Book": 3.13, "Enterprise Value/Revenue": 3.07, "Enterprise Value/EBITDA": 8.29}, "Fiscal Year": {"Last Split Date": "Jul 01, 2010", "Fiscal Year Ends": "Dec 30, 2020"}, "Profitability": {"Most Recent Quarter": "Jun 29, 2021", "Profit Margin": 15.05}, "Management Effectiveness": {"Operating Margin": 24.51, "Return on Assets": 6.33}, "Income Statement": {"Return on Equity": 29.52, "Revenue": 132870000000.0, "Revenue Per Share": 32.08, "Quarterly Revenue Growth": 10.9, "Gross Profit": 77090000000.0, "EBITDA": 49140000000.0, "Net Income Avi to Common": 19990000000.0, "Diluted EPS": 4.83}, "Balance Sheet": {"Quarterly Earnings Growth": 23.4, "Total Cash": 4840000000.0, "Total Cash Per Share": 1.17, "Total Debt": 179730000000.0, "Total Debt/Equity": 239.28, "Current Ratio": 0.89}, "Cash Flow Statement": {"Book Value Per Share": 17.8, "Operating Cash Flow": 38650000000.0}}, "WMT": {"Valuation Measures": {"Market Cap (intraday)": 399450000000.0, "Enterprise Value": 446080000000.0, "Trailing P/E": 33.0, "Forward P/E": 22.77, "PEG Ratio (5 yr expected)": 3.12, "Price/Sales": 0.71, "Price/Book": 5.1, "Enterprise Value/Revenue": 0.79, "Enterprise Value/EBITDA": 11.25}, "Fiscal Year": {"Last Split Date": "Apr 19, 1999", "Fiscal Year Ends": "Jan 30, 2021"}, "Profitability": {"Most Recent Quarter": "Apr 29, 2021", "Profit Margin": 2.18}, "Management Effectiveness": {"Operating Margin": 5.09, "Return on Assets": 7.62}, "Income Statement": {"Return on Equity": 15.68, "Revenue": 562840000000.0, "Revenue Per Share": 199.09, "Quarterly Revenue Growth": 2.7, "Gross Profit": 138840000000.0, "EBITDA": 39650000000.0, "Net Income Avi to Common": 12250000000.0, "Diluted EPS": 4.32}, "Balance Sheet": {"Quarterly Earnings Growth": -31.6, "Total Cash": 22850000000.0, "Total Cash Per Share": 8.15, "Total Debt": 63230000000.0, "Total Debt/Equity": 74.74, "Current Ratio": 0.95}, "Cash Flow Statement": {"Book Value Per Share": 27.93, "Operating Cash Flow": 31910000000.0}}, "XOM": {"Valuation Measures": {"Market Cap (intraday)": 243720000000.0, "Enterprise Value": 243720000000.0, "Trailing P/E": "N/A", "Forward P/E": 12.41, "PEG Ratio (5 yr expected)": 1.56, "Price/Sales": 1.12, "Price/Book": 1.55, "Enterprise Value/Revenue": 1.12, "Enterprise Value/EBITDA": 9.61}, "Fiscal Year": {"Last Split Date": "Jul 18, 2001", "Fiscal Year Ends": "Dec 30, 2020"}, "Profitability": {"Most Recent Quarter": "Jun 29, 2021", "Profit Margin": -6.12}, "Management Effectiveness": {"Operating Margin": 3.59, "Return on Assets": "N/A"}, "Income Statement": {"Return on Equity": "N/A", "Revenue": 217910000000.0, "Revenue Per Share": 50.79, "Quarterly Revenue Growth": 108.4, "Gross Profit": 57160000000.0, "EBITDA": 25360000000.0, "Net Income Avi to Common": -13330000000.0, "Diluted EPS": -3.11}, "Balance Sheet": {"Quarterly Earnings Growth": "N/A", "Total Cash": "N/A", "Total Cash Per Share": "N/A", "Total Debt": "N/A", "Total Debt/Equity": 38.59, "Current Ratio": "N/A"}, "Cash Flow Statement": {"Book Value Per Share": 37.12, "Operating Cash Flow": "N/A"}}}